%% This BibTeX bibliography file was created using BibDesk.
%% https://bibdesk.sourceforge.io/

%% Created for Roman Yasinovskyy at 2022-11-10 10:05:34 -0600 


%% Saved with string encoding Unicode (UTF-8) 


@online{CentosAbout,
	title = {About Centos},
	url = {https://www.centos.org/about/},
	bdsk-url-1 ={https://www.centos.org/about/},
	lastaccessed = {4/6/2023}
}

@online{RHELAbout,
	title = {RHEL webiste},
	url = {https://www.redhat.com/en/about/company},
	bdsk-url-1 = {https://www.redhat.com/en/about/company}

}

@article{SEiRHEL,
	year = {2004},
	title = {Secutiry Enhancements in Red Hat Enterprise Linux (beside SELinux)},
	author = {Ulrich Drepper}
}

@article{ALSHHfRtAR_SCAP_C,
  author          = {Zack Kirkendoll and Loyd Reed Hook and Nathan Hutchins},
  title           = {Automated Linux Secure Host Baseline for Real-time Applications Requiring SCAP Compliance},
  year            = {2022}
}
@book{RHEL9Sh,
  author         = {Red Hat},

  publisher      = {Red Hat under a Creative Commons Attribution Share Alike 3.0 Unported license ("CC-BY-SA")},
  title          = {Red Hat Enterprise Linux 9 Security hardening},
  year           = {2023}
}

@book{FoCL,
  author         = {Ryan Baclit and Chivas Slcam,Peter Membrey and John Newbigin},
  publisher      = {Apress},
  title          = {Foundation of Centos Linux},
  year           = {2009}
}
@online{Kile,
	lastaccessed = {10/22/2019},
	title = {Kile - an Integrated LaTeX Editing Environment},
	url = {https://kile.sourceforge.io/},
	bdsk-url-1 = {https://kile.sourceforge.io/}}