%% This BibTeX bibliography file was created using BibDesk.
%% https://bibdesk.sourceforge.io/

%% Created for Roman Yasinovskyy at 2022-11-10 10:05:34 -0600 


%% Saved with string encoding Unicode (UTF-8) 



@online{ACMMasterTemplate,
	lastaccessed = {03/28/2020},
	title = {ACM Master Article Template},
	url = {https://www.acm.org/publications/proceedings-template},
	bdsk-url-1 = {https://www.acm.org/publications/proceedings-template}}

@online{Kile,
	lastaccessed = {10/22/2019},
	title = {Kile - an Integrated LaTeX Editing Environment},
	url = {https://kile.sourceforge.io/},
	bdsk-url-1 = {https://kile.sourceforge.io/}}

@online{LaTeXTutorial,
	lastaccessed = {03/29/2020},
	title = {LaTeX-Tutorial.com - Beautiful typesetting made simple.},
	url = {https://www.latex-tutorial.com/},
	bdsk-url-1 = {https://www.latex-tutorial.com/}}

@online{LaTeXWiki,
	lastaccessed = {10/22/2019},
	title = {LaTeX - Wikibooks, open books for an open world},
	url = {https://en.wikibooks.org/wiki/LaTeX},
	bdsk-url-1 = {https://en.wikibooks.org/wiki/LaTeX}}

@online{LaTeXWorkshop,
	lastaccessed = {03/28/2020},
	title = {LaTeX Workshop - Visual Studio Marketplace},
	url = {https://marketplace.visualstudio.com/items?itemName=James-Yu.latex-workshop},
	bdsk-url-1 = {https://marketplace.visualstudio.com/items?itemName=James-Yu.latex-workshop}}

@online{LucidChart,
	lastaccessed = {10/22/2019},
	title = {Online Diagram Software \& Visual Solution | Lucidchart},
	url = {https://www.lucidchart.com/pages/?noHomepageRedirect=true},
	bdsk-url-1 = {https://www.lucidchart.com/pages/?noHomepageRedirect=true}}

@article{oetiker1995not,
	author = {Oetiker, Tobias and Partl, Hubert and Hyna, Irene and Schlegl, Elisabeth},
	title = {The not so short introduction to LATEX2$\varepsilon$},
	year = {1995}}

@online{OverleafHref,
	lastaccessed = {10/22/2019},
	title = {I'm trying to include URLs in my .tex or .bib, but I got an error "Missing \$ inserted" - Overleaf, Online LaTeX Editor},
	url = {https://www.overleaf.com/learn/latex/Questions/I%27m_trying_to_include_URLs_in_my_.tex_or_.bib,_but_I_got_an_error_%22Missing_$_inserted%22},
	bdsk-url-1 = {https://www.overleaf.com/learn/latex/Questions/I%27m_trying_to_include_URLs_in_my_.tex_or_.bib,_but_I_got_an_error_%22Missing_$_inserted%22}}

@online{OverleafTutorial,
	lastaccessed = {10/22/2019},
	title = {Learn LaTeX in 30 minutes - Overleaf, Online LaTeX Editor},
	url = {https://www.overleaf.com/learn/latex/Learn_LaTeX_in_30_minutes},
	bdsk-url-1 = {https://www.overleaf.com/learn/latex/Learn_LaTeX_in_30_minutes}}

@online{PaperGuide,
	lastaccessed = {10/22/2019},
	title = {Steps to Write a Survey Paper/Review Article - ResearchPedia.Info},
	url = {https://researchpedia.info/steps-to-write-a-survey-paper-review-article/},
	bdsk-url-1 = {https://researchpedia.info/steps-to-write-a-survey-paper-review-article/}}

@online{TeXLive,
	lastaccessed = {10/22/2019},
	title = {TeX Live - TeX Users Group},
	url = {https://www.tug.org/texlive/},
	bdsk-url-1 = {https://www.tug.org/texlive/}}

@online{Texmaker,
	lastaccessed = {10/23/2019},
	title = {Texmaker (free cross-platform latex editor)},
	url = {https://www.xm1math.net/texmaker/},
	bdsk-url-1 = {https://www.xm1math.net/texmaker/}}

@online{CentosAbout,
	title = {About Centos},
	url = {https://www.centos.org/about/},
	bdsk-url-1 ={https://www.centos.org/about/}
}